<collection xmlns="http://www.loc.gov/MARC21/slim">
<record>
  <leader>00871na 0a22001931i 450 </leader>
  <controlfield tag="001">IT\ICCU\CNCE\049882</controlfield>
  <controlfield tag="005">20150729000000.0</controlfield>
  <datafield tag="100" ind1=" " ind2=" ">
    <subfield code="a">19991130             0itac0103    ba</subfield>
  </datafield>
  <datafield tag="101" ind1=" " ind2=" ">
    <subfield code="a">LAT</subfield>
  </datafield>
  <datafield tag="200" ind1="1" ind2=" ">
    <subfield code="a">Commentaria in lib. III Regum</subfield>
  </datafield>
  <datafield tag="210" ind1=" " ind2=" ">
    <subfield code="a">Venetiis</subfield>
    <subfield code="c">apud Io. Baptistam</subfield>
    <subfield code="d">&amp; Io. Bernardum Sessam</subfield>
    <subfield code="d">fratres</subfield>
    <subfield code="e">Venetiis</subfield>
    <subfield code="g">ex typographia Dominici Nicolini</subfield>
    <subfield code="h">1596</subfield>
  </datafield>
  <datafield tag="700" ind1=" " ind2="1">
    <subfield code="a">Tostado,</subfield>
    <subfield code="b">Alonso</subfield>
    <subfield code="3">IT\ICCU\CNCA\008835</subfield>
  </datafield>
  <datafield tag="790" ind1=" " ind2="1">
    <subfield code="a">Tostado Ribera,</subfield>
    <subfield code="b">Alfonso</subfield>
    <subfield code="3">IT\ICCU\CNCA\013400</subfield>
    <subfield code="z">Tostado, Alonso</subfield>
  </datafield>
  <datafield tag="790" ind1=" " ind2="1">
    <subfield code="a">Avila,</subfield>
    <subfield code="b">Alfonso : de</subfield>
    <subfield code="3">IT\ICCU\CNCA\014079</subfield>
    <subfield code="z">Tostado, Alonso</subfield>
  </datafield>
  <datafield tag="790" ind1=" " ind2="1">
    <subfield code="a">Tostatus,</subfield>
    <subfield code="b">Alphonsus</subfield>
    <subfield code="3">IT\ICCU\CNCA\015056</subfield>
    <subfield code="z">Tostado, Alonso</subfield>
  </datafield>
  <datafield tag="790" ind1=" " ind2="1">
    <subfield code="a">Madrigal,</subfield>
    <subfield code="b">Alonso : de</subfield>
    <subfield code="3">IT\ICCU\CNCA\024671</subfield>
    <subfield code="z">Tostado, Alonso</subfield>
  </datafield>
  <datafield tag="790" ind1=" " ind2="0">
    <subfield code="a">Alonso</subfield>
    <subfield code="c"> : de#Madrigal</subfield>
    <subfield code="3">IT\ICCU\CNCA\024674</subfield>
    <subfield code="z">Tostado, Alonso</subfield>
  </datafield>
  <datafield tag="790" ind1=" " ind2="0">
    <subfield code="a">Albulensis</subfield>
    <subfield code="3">IT\ICCU\CNCA\024676</subfield>
    <subfield code="z">Tostado, Alonso</subfield>
  </datafield>
  <datafield tag="801" ind1=" " ind2="3">
    <subfield code="a">IT</subfield>
    <subfield code="b">ICCU</subfield>
    <subfield code="c">20201115</subfield>
  </datafield>
</record>
</collection>
